@book{gaiba98,
title={The Origins of Simultaneous Interpretation: The Nuremberg Trial},
author={Gaiba, Francesca},
year={1998},
publisher={University of Ottawa Press},
}
@inproceedings{gesmundo2014,
author={Gesmundo, Andrea and Henderson, James},
title={Undirected Machine Translation with Discriminative Reinforcement Learning},
year={2014},
booktitle = eacl
}
@phdthesis{galron2013,
author={Galron, Daniel},
school={New York University},
title={Optimizing Machine Translation by Learning to Search},
type={{Ph.D.} dissertation},
year={2013}
}
@Inproceedings{Tillmann:1997,
author = "Christoph Tillmann and Stephan Vogel and Hermann Ney and Alex Zubiaga",
title = "A DP-based Search Using Monotone Alignments in Statistical Translation",
booktitle = coling,
year = 1997
}
@InProceedings{banerjee-lavie:2005:MTSumm,
  author    = {Banerjee, Satanjeev  and  Lavie, Alon},
  title     = {{METEOR}: An Automatic Metric for {MT} Evaluation with Improved Correlation with Human Judgments},
  booktitle = {ACL},
  year      = {2005},
  publisher = {Association for Computational Linguistics},
  url       = {http://www.aclweb.org/anthology/W/W05/W05-0909}
}
@Article{Brown:1993,
title = {The Mathematics of Statistical Machine Translation},
author = {Peter F. Brown and Stephen A. Della-Pietra and Vincent J. Della-Pietra and Robert L. Mercer},
year = 1993,
volume = 19,
number = 2,
pages = {263--313},
journal = {Computational Linguistics}
}
@InProceedings{Vogel:1996,
author = "Stephan Vogel and Hermann Ney and Christoph Tillmann",
title = "{HMM}-Based Word Alignment in Statistical Translation",
booktitle = coling,
year = 1996
}
@inproceedings{Toutanova:2002,
  author    = {Toutanova, Kristina  and  Ilhan, H. Tolga  and  Manning, Christopher D.},
  title     = {Extentions to {HMM}-based Statistical Word Alignment Models},
  booktitle = emnlp,
  year      = 2002
}
@InProceedings{he:2007:WMT,
  author    = {He, Xiaodong},
  title     = {Using Word-Dependent Transition Models in {HMM}-Based Word Alignment for Statistical Machine Translation},
  booktitle = acl,
  year      = {2007},
  publisher = acl,
  url       = {http://www.aclweb.org/anthology/W/W07/W07-0211}
}
@inproceedings{Heafield-estimate,
  author = {Kenneth Heafield and Ivan Pouzyrevsky and Jonathan H. Clark and Philipp Koehn},
  title = {Scalable Modified {Kneser-Ney} Language Model Estimation},
  year = {2013},
  booktitle = acl,
  url = {http://kheafield.com/professional/edinburgh/estimate\_paper.pdf},
}
@article{Daume:2009:SSP:1541660.1541689,
 author = {Daum{\'e III}, Hal and Langford, John and Marcu, Daniel},
 title = {Search-based Structured Prediction},
 journal = {Mach. Learn.},
 issue_date = {June      2009},
 volume = {75},
 number = {3},
 month = jun,
 year = {2009},
 issn = {0885-6125},
 pages = {297--325},
 numpages = {29},
 url = {http://dx.doi.org/10.1007/s10994-009-5106-x},
 doi = {10.1007/s10994-009-5106-x},
 acmid = {1541689},
 publisher = {Kluwer Academic Publishers},
 address = {Hingham, MA, USA},
 keywords = {Reductions, Search, Structured prediction},
} 
@InProceedings{Pytlik:2006:AMTA,
  author    = {Brock Pytlik and David Yarowsky},
  title     = {Machine Translation for Languages Lacking Bitext via Multilingual Gloss Transduction},
  booktitle = {5th Conference of the Association for Machine Translation in the Americas (AMTA)},
  month     = {August},
  year      = {2006},

}
@inproceedings{papineni-02,
 author = {Papineni, Kishore and Roukos, Salim and Ward, Todd and Zhu, Wei-Jing},
 title = {{BLEU}: a method for automatic evaluation of machine translation},
 booktitle = {ACL},
 year = {2002},
}
    @InProceedings{dreyer-marcu:2012:NAACL-HLT,
	  author    = {Dreyer, Markus  and  Marcu, Daniel},
	  title     = {HyTER: Meaning-Equivalent Semantics for Translation Evaluation},
	  booktitle = {Proceedings of the 2012 Conference of the North American Chapter of the Association for Computational Linguistics: Human Language Technologies},
	  month     = {June},
	  year      = {2012},
	  address   = {Montr\'{e}al, Canada},
	  publisher = {Association for Computational Linguistics},
	  pages     = {162--171},
	  url       = {http://www.aclweb.org/anthology/N12-1017}
	}
				  
@InProceedings{denkowski:lavie:meteor-wmt:2014,
  author    = {Michael Denkowski and Alon Lavie},
  title     = {Meteor Universal: Language Specific Translation Evaluation for Any Target Language},
  booktitle = {Proceedings of the EACL 2014 Workshop on Statistical Machine Translation},
  year      = {2014},
}
@InProceedings{snover-08,
  author    = {Matt Snover and Nitin Madnani and Bonnie Dorr and Richard Schwartz},
  title     = {{TERp}: A System Description},
  booktitle = {Proceedings of the First NIST Metrics for Machine Translation Challenge (MetricsMATR)},
  month     = {October},
  year      = {2008}
}
@INPROCEEDINGS{snover-06,
    author = {Matthew Snover and Bonnie Dorr and Richard Schwartz and Linnea Micciulla and John Makhoul},
    title = {A study of translation edit rate with targeted human annotation},
    booktitle = {In Proceedings of Association for Machine Translation in the Americas},
    year = {2006},
}
