@book{gaiba98,
title={The Origins of Simultaneous Interpretation: The Nuremberg Trial},
author={Gaiba, Francesca},
year={1998},
publisher={University of Ottawa Press},
}
@inproceedings{gesmundo2014,
author={Gesmundo, Andrea and Henderson, James},
title={Undirected Machine Translation with Discriminative Reinforcement Learning},
year={2014},
booktitle = {Proceedings of the 14th Conference on European Chapter of the Association for Computational Linguistics},
address={Gothenburg, Sweden},
Month={April},
pages={10--19}
}
@phdthesis{galron2013,
author={Galron, Daniel},
school={New York University},
title={Optimizing Machine Translation by Learning to Search},
type={{Ph.D.} dissertation},
year={2013}
}
@Inproceedings{Tillmann:1997,
author = "Christoph Tillmann and Stephan Vogel and Hermann Ney and Alex Zubiaga",
title = "A DP-based Search Using Monotone Alignments in Statistical Translation",
booktitle = "Proceedings of the 35h Annual Meeting of the Association for Computational Linguistics (ACL)",
year = 1997
}
@InProceedings{banerjee-lavie2005MTSumm,
author    = {Banerjee, Satanjeev and Lavie, Alon},
title     = {{METEOR}: An Automatic Metric for {MT} Evaluation with Improved Correlation with Human Judgments},
booktitle = {Proceedings of the ACL Workshop on Intrinsic and Extrinsic Evaluation Measures for Machine Translation and/or Summarization},
month     = {June},
year      = {2005},
address   = {Ann Arbor, Michigan},
publisher = {Association for Computational Linguistics},
pages     = {65--72},
url       = {http://www.aclweb.org/anthology/W/W05/W05-0909}
}
@InProceedings{Callison-Burch2006EACL,
author    = {Chris Callison-Burch and Miles Osborne and Philipp Koehn},
title     = {Re-evaluation the Role of Bleu in Machine Translation Research},
booktitle = {Proceedings of the 11th Conference of the European Chapter of the Association for Computational Linguistics},
month     = {April},
year      = 2006,
address   = {Trento, Italy},
}
@Techreport{BLEU,
title = {{BLEU}: a Method for Automatic Evaluation of Machine Translation},
author = {Kishore Papineni and Salim Roukos and Todd Ward and Wei-Jing Zhu},
year = 2001,
month = {September 17},
institution = {IBM Research Report},
number = {RC22176(W0109-022)}
}
@InProceedings{mikalov2013a,
author    = {Tomas Mikolov and Kai Chen and Greg Corrado and Jeffrey Dean},
title     = {Efficient Estimation of Word Representations in Vector Space},
booktitle = {In Proceedings of Workshop at ICLR, 2013},
month     = {},
year      = 2013,
address   = {},
}
